@misc{julia_benchmark,
  title = {Julia Micro-Benchmarks},
  howpublished = {\url{https://julialang.org/benchmarks}},
  note = {Accessed: 2021-04-03}
}

@misc{juliaimages,
  title = {JuliaImages},
  howpublished = {\url{https://github.com/JuliaImages/Images.jl}},
  note = {Accessed: 2021-04-04}
}

@misc{julia_platform,
  title = {Julia Currently Supported Platforms},
  howpublished = {\url{https://julialang.org/downloads/}},
  note = {Accessed: 2021-04-03}
}

@article{bezanson2017julia,
  title={Julia: A fresh approach to numerical computing},
  author={Bezanson, Jeff and Edelman, Alan and Karpinski, Stefan and Shah, Viral B},
  journal={SIAM review},
  volume={59},
  number={1},
  pages={65--98},
  year={2017},
  publisher={SIAM}
}

@article{ragan2012decoupling,
  title={Decoupling algorithms from schedules for easy optimization of image processing pipelines},
  author={Ragan-Kelley, Jonathan and Adams, Andrew and Paris, Sylvain and Levoy, Marc and Amarasinghe, Saman and Durand, Fr{\'e}do},
  journal={ACM Transactions on Graphics (TOG)},
  volume={31},
  number={4},
  pages={1--12},
  year={2012},
  publisher={ACM New York, NY, USA}
}

@article{ragan2013halide,
  title={Halide: a language and compiler for optimizing parallelism, locality, and recomputation in image processing pipelines},
  author={Ragan-Kelley, Jonathan and Barnes, Connelly and Adams, Andrew and Paris, Sylvain and Durand, Fr{\'e}do and Amarasinghe, Saman},
  journal={Acm Sigplan Notices},
  volume={48},
  number={6},
  pages={519--530},
  year={2013},
  publisher={ACM New York, NY, USA}
}

@phdthesis{ragan2014decoupling,
  title={Decoupling algorithms from the organization of computation for high performance image processing},
  author={Ragan-Kelley, Jonathan Millard},
  year={2014},
  school={Massachusetts Institute of Technology}
}

@inproceedings{lattner2004llvm,
  title={LLVM: A compilation framework for lifelong program analysis \& transformation},
  author={Lattner, Chris and Adve, Vikram},
  booktitle={International Symposium on Code Generation and Optimization, 2004. CGO 2004.},
  pages={75--86},
  year={2004},
  organization={IEEE}
}

@article{behnel2010cython,
  title={Cython: The best of both worlds},
  author={Behnel, Stefan and Bradshaw, Robert and Citro, Craig and Dalcin, Lisandro and Seljebotn, Dag Sverre and Smith, Kurt},
  journal={Computing in Science \& Engineering},
  volume={13},
  number={2},
  pages={31--39},
  year={2010},
  publisher={IEEE}
}

@inproceedings{lam2015numba,
  title={Numba: A llvm-based python jit compiler},
  author={Lam, Siu Kwan and Pitrou, Antoine and Seibert, Stanley},
  booktitle={Proceedings of the Second Workshop on the LLVM Compiler Infrastructure in HPC},
  pages={1--6},
  year={2015}
}

@article{besard2018juliagpu,
  author        = {Besard, Tim and Foket, Christophe and De Sutter, Bjorn},
  title         = {Effective Extensible Programming: Unleashing {Julia} on {GPUs}},
  journal       = {IEEE Transactions on Parallel and Distributed Systems},
  year          = {2018},
  doi           = {10.1109/TPDS.2018.2872064},
  ISSN          = {1045-9219},
  archivePrefix = {arXiv},
  eprint        = {1712.03112},
  primaryClass  = {cs.PL},
}

@article{Zygote2018,
  author    = {Michael Innes},
  title     = {Don't Unroll Adjoint: Differentiating SSA-Form Programs},
  journal   = {CoRR},
  volume    = {abs/1810.07951},
  year      = {2018},
  url       = {http://arxiv.org/abs/1810.07951},
  archivePrefix = {arXiv},
  eprint    = {1810.07951},
  timestamp = {Tue, 30 Oct 2018 20:39:56 +0100},
  biburl    = {https://dblp.org/rec/bib/journals/corr/abs-1810-07951},
  bibsource = {dblp computer science bibliography, https://dblp.org}
}

@article{DifferentialEquations2017,
 author = {Rackauckas, Christopher and Nie, Qing},
 doi = {10.5334/jors.151},
 journal = {The Journal of Open Research Software},
 keywords = {Applied Mathematics},
 note = {Exported from https://app.dimensions.ai on 2019/05/05},
 number = {1},
 pages = {},
 title = {DifferentialEquations.jl â€“ A Performant and Feature-Rich Ecosystem for Solving Differential Equations in Julia},
 url = {https://app.dimensions.ai/details/publication/pub.1085583166 and http://openresearchsoftware.metajnl.com/articles/10.5334/jors.151/galley/245/download/},
 volume = {5},
 year = {2017}
}

@article{JuMP2017,
  title={JuMP: A modeling language for mathematical optimization},
  author={Dunning, Iain and Huchette, Joey and Lubin, Miles},
  journal={SIAM Review},
  volume={59},
  number={2},
  pages={295--320},
  year={2017},
  publisher={SIAM}
}